@article{Ghilardi2021,
  author = {Ghilardi, M. and Schiettekatte, N. M. D. and Casey, J. M. and Brandl, S. J. and Degregori, S. and Merci{\`{e}}re, A. and Morat, F. and Letourneur, Y. and Bejarano, S. and Parravicini, V.},
  doi = {10.1002/ece3.8045},
  journal = {Ecology and Evolution},
  number = {19},
  pages = {13218--13231},
  title = {{Phylogeny, body morphology, and trophic level shape intestinal traits in coral reef fishes}},
  volume = {11},
  year = {2021}
}
@article{Brandl2013,
  author = {Brandl, S. J. and Bellwood, D. R.},
  doi = {10.1007/s00338-013-1042-0},
  journal = {Coral Reefs},
  number = {3},
  pages = {835--846},
  title = {{Morphology, sociality, and ecology: can morphology predict pairing behavior in coral reef fishes?}},
  volume = {32},
  year = {2013}
}
@article{Brandl2015,
  author = {Brandl, S. J. and Robbins, W. D. and Bellwood, D. R.},
  doi = {10.1098/rspb.2015.1147},
  journal = {Proceedings of the Royal Society B: Biological Sciences},
  number = {1815},
  pages = {20151147},
  title = {{Exploring the nature of ecological specialization in a coral reef fish community: morphology, diet and foraging microhabitat use}},
  volume = {282},
  year = {2015}
}
@article{Bellwood2014,
  author = {Bellwood, D. R. and Goatley, C. H. R. and Brandl, S. J. and Bellwood, O.},
  doi = {10.1098/rspb.2013.3046},
  journal = {Proceedings of the Royal Society B: Biological Sciences},
  number = {1781},
  pages = {20133046},
  title = {{Fifty million years of herbivory on coral reefs: fossils, fish and functional innovations}},
  volume = {281},
  year = {2014}
}